@article{DEAP_JMLR2012, 
    author    = " F\'elix-Antoine Fortin and Fran\c{c}ois-Michel {De Rainville} and Marc-Andr\'e Gardner and Marc Parizeau and Christian Gagn\'e ",
    title     = { {DEAP}: Evolutionary Algorithms Made Easy },
    pages    = { 2171--2175 },
    volume    = { 13 },
    month     = { jul },
    year      = { 2012 },
    journal   = { Journal of Machine Learning Research }
}

@misc{nsynth2017,
    Author = {Jesse Engel and Cinjon Resnick and Adam Roberts and
              Sander Dieleman and Douglas Eck and Karen Simonyan and
              Mohammad Norouzi},
    Title = {Neural Audio Synthesis of Musical Notes with WaveNet Autoencoders},
    Year = {2017},
    Eprint = {arXiv:1704.01279},
}

@article{DEAP_JMLR2012, 
    author    = " F\'elix-Antoine Fortin and Fran\c{c}ois-Michel {De Rainville} and Marc-Andr\'e Gardner and Marc Parizeau and Christian Gagn\'e ",
    title     = { {DEAP}: Evolutionary Algorithms Made Easy },
    pages    = { 2171--2175 },
    volume    = { 13 },
    month     = { jul },
    year      = { 2012 },
    journal   = { Journal of Machine Learning Research }
}

@inproceedings{pras2010sampling,
  title={Sampling Rate Discrimination: 44.1 kHz vs. 88.2 kHz},
  author={Pras, Amandine and Guastavino, Catherine},
  booktitle={Audio Engineering Society Convention 128},
  year={2010},
  organization={Audio Engineering Society}
}

@article{reiss2016meta,
  title={A meta-analysis of high resolution audio perceptual evaluation},
  author={Reiss, Joshua D},
  journal={Journal of the Audio Engineering Society},
  year={2016}
}



