@article{DEAP_JMLR2012, 
    author    = " F\'elix-Antoine Fortin and Fran\c{c}ois-Michel {De Rainville} and Marc-Andr\'e Gardner and Marc Parizeau and Christian Gagn\'e ",
    title     = { {DEAP}: Evolutionary Algorithms Made Easy },
    pages    = { 2171--2175 },
    volume    = { 13 },
    month     = { jul },
    year      = { 2012 },
    journal   = { Journal of Machine Learning Research }
}

@misc{nsynth2017,
    Author = {Jesse Engel and Cinjon Resnick and Adam Roberts and
              Sander Dieleman and Douglas Eck and Karen Simonyan and
              Mohammad Norouzi},
    Title = {Neural Audio Synthesis of Musical Notes with WaveNet Autoencoders},
    Year = {2017},
    Eprint = {arXiv:1704.01279},
}

@article{zen2009statistical,
  title={Statistical parametric speech synthesis},
  author={Zen, Heiga and Tokuda, Keiichi and Black, Alan W},
  journal={speech communication},
  volume={51},
  number={11},
  pages={1039--1064},
  year={2009},
  publisher={Elsevier}
}
@inproceedings{esling2018generative,
  title={Generative timbre spaces with variational audio synthesis},
  author={Esling, Philippe and Chemla-Romeu-Santos, Axel and Bitton, Adrien},
  booktitle={Proceedings of the International Conference on Digital Audio Effects (DAFx)},
  year={2018}
}


@book{gancarz2003linux,
  title={Linux and the Unix philosophy},
  author={Gancarz, Mike},
  year={2003},
  publisher={Digital Press}
}

